@article{bayes,
author = "Thomas Bayes",
doi = "10.1098/rstl.1763.0053",
journal = "Phil. Trans. R. Soc.",
pages = "370--418",
title = "An essay towards solving a problem in the doctrine of chances",
url = "https://doi.org/10.1214/13-STS438",
volume = "53",
year = "1763"
}


@article{stigler2013,
author = "Stigler, Stephen M.",
doi = "10.1214/13-STS438",
fjournal = "Statistical Science",
journal = "Statist. Sci.",
month = "08",
number = "3",
pages = "283--288",
publisher = "The Institute of Mathematical Statistics",
title = "The True Title of Bayes’s Essay",
url = "https://doi.org/10.1214/13-STS438",
volume = "28",
year = "2013"
}


@article{bellhouse_2004,
 author = {D. R. Bellhouse},
 journal = {Statistical Science},
 number = {1},
 pages = {3--32},
 publisher = {Institute of Mathematical Statistics},
 title = {The Reverend Thomas Bayes, FRS: A Biography to Celebrate the Tercentenary of His Birth},
 volume = {19},
 year = {2004}
}



@book{ESLbook,
  author = {Hastie, Trevor and Tibshirani, Robert and Friedman, Jerome},
  publisher = {Springer},
  title = {The Elements of Statistical Learning},
  year = 2001
}



@book{ISLbook,
author = {James, Gareth and Witten, Daniela and Hastie, Trevor and Tibshirani, Robert},
title = {An Introduction to Statistical Learning: With Applications in R},
year = {2014},
publisher = {Springer}
}

@book{insects,
    Author = {G.W. Pierce},
    Publisher = {Harvard College Press},
    Title = {The Song of Insects},
    Year = {1949}
}

@misc{harvard_DS,
    author = { Thomas H. Davenport and D.J. Patil},
    title  = {Data Scientist: The Sexiest Job of the 21st Century},
    year   = {2012},
    url    = {https://hbr.org/2012/10/data-scientist-the-sexiest-job-of-the-21st-century}
}

@inproceedings{imagenet_cvpr09,
        AUTHOR = {Deng, J. and Dong, W. and Socher, R. and Li, L.-J. and Li, K. and Fei-Fei, L.},
        TITLE = {{ImageNet: A Large-Scale Hierarchical Image Database}},
        BOOKTITLE = {CVPR09},
        YEAR = {2009}
}

@book{harari,
    Author = {Harari, Yuval N.},
    Publisher = {Harper},
    Title = {Sapiens: A Brief History of Humankind},
    Year = {2015}
}

@book{bostrom_2014,
    author = {N. Bostrom},
    publisher = {Oxford University Press},
    year = {2014},
    title = {Superintelligence: Paths, Dangers, Strategies}
}

@book{russell_norvig_2009,
 author = {Russell, Stuart J. and Norvig, Peter},
 title = {Artificial Intelligence: A Modern Approach},
 year = {2009},
 edition = {3},
 publisher = {Pearson Education},
} 



@article{turing_1950,
    author = {A. Turing},
    title = {Computing intelligence and machinery},
    journal = {Mind},
    volume = {59},
    number = {236},
    pages = {433-460},
    year  = {1950}
}

@techreport{minsky_1952,
 author = {Minsky, M.},
 title = {A Neural-Analogue Calculator Based upon a Probability Model of Reinforcement},
 year = {1952},
 institution = {Harvard University Psychological Laboratories},
 address     = "Boston, MA",
}

@article{farley_1954,
author = {Farley, B. and Clark, W. },
title = {Simulation of Self-Organizing Systems by Digital Computer},
journal = {{IRE} Transactions on Information Theory},
volume = {4},
number = {4},
pages = {76-84},
year = {1954}
}

@article{rosenblatt_1958,
author = {Rosenblatt, F.},
title = {The Perceptron: A Probabilistic Model For Information Storage And Organization In The Brain},
journal = {Psychological Review},
volume = {65},
number = {6},
pages = {386–408},
year = {1958}
}


@book{minsky_papert_1969,
 author = {Minsky, M. and Papert, S.},
 title = {Perceptrons: an introduction to computational geometry},
 year = {1969},
 publisher = {MIT}
} 


@article{lighthill_1973,
 author = {Lighthill, J.},
 title = {Artificial Intelligence: A General Survey.},
 journal = {Artificial Intelligence: a paper symposium},
 year = {1973},
 institution = {Science Research Council.}
}

@phdthesis{werbos_1974,
  author       = {Werbos, P.}, 
  title        = {Beyond Regression: New Tools for Prediction and Analysis in the Behavioral Sciences},
  school       = {Harvard University},
  year         = 1974
}



@article{rumelhart_1986,
author = {Rumelhart, D. E. and  Hinton, G. E. and Williams, R. J.},
title = {Learning representations by back-propagating errors},
journal = {Nature},
volume = {23},
number = {6008},
pages = {533-536},
year = {1986}
}

@article{hopfield_1982,
author = {Hopfield, J. J.},
title = {Neural networks and physical systems with emergent collective computational abilities},
journal = {Proceedings of the National Academy of Sciences of the USA},
volume = {79},
pages = {2554–2558},
year = {1982}
}


@book{breiman_1984,
  title={Classification and regression trees},
  author={Breiman, L. and Friedman, J. H. and Olshen, R. A. and Stone, C. J.},
  year={1984},
  publisher={Wadsworth \& Brooks}
}

@article{fukushima_1980,
author = {Fukushima, K.},
title = {Neocognitron: A self-organizing neural network model for a mechanism of pattern recognition unaffected by shift in position},
journal = {Biol. Cybern.},
volume = {36},
pages = {193–202},
year = {1980}
}



@article{lecun_1989,
author = {LeCun, Y. and Boser, B. and Denker, J. S and Henderson, D. and R. E. Howard and  W. Hubbard and Jackel, L. D.},
title = {Backpropagation applied to handwritten zip code recognition},
journal = {Neural Computation},
volume = {1},
number = {4},
pages = {541-551},
year = {1989}
}


@article{vapnik_1971,
author = {{Vapnik, V., and Chervonenkis, A. }},
title = {On the uniform convergence of relative frequencies of events to their probabilities},
journal = {Theory of Probability and its Applications},
volume = {16},
pages = {264-280},
year = {1971}
}


@inproceedings{boser_1992,
 author = {Boser, B. E. and Guyon, I. M. and  Vapnik, V. N.},
 title = {A training algorithm for optimal margin classifiers},
 booktitle = {Proceedings of the fifth annual workshop on Computational learning theory},
 year = {1992},
 pages = {144--}
 } 



@article{ghahramani_2015,
author = {Ghahramani, Z.},
title = {Probabilistic machine learning and artificial intelligence},
journal = {Nature},
volume = {521},
pages = {452–459},
year = {2015}
}

@techreport{neal_1993,
 author = {Neal, R. M.},
 title = {Probabilistic inference using Markov chain Monte Carlo methods},
 year = {1993},
 institution = {University of Toronto, Department of Computer Science},
 address     = "Toronto, Canada",
}




@article{jordan_1999,
author = {Jordan, M. I. and Ghahramani, Z. and  Jaakkola, T. and Saul, L.},
title = {An introduction to variational methods for graphical models},
journal = {Machine Learning},
volume = {37},
pages = {183-233},
year = {1999}
}




@book{hjort_2010,
  title={Bayesian Nonparametrics},
  author={Hjort, N. and Holmes, C. and M\"uller, P. and Walker, S.},
  year={2010},
  publisher={Cambridge University Press}
}

@book{rasmussen_2006,
  title={Gaussian Processes for Machine Learning},
  author={{Rasmussen, C. E., and Williams, C. K.}},
  year={2006},
  publisher={The MIT Press}
}

@article{ferguson_1973,
author = {Ferguson, T. S.},
title = {A Bayesian analysis of some nonparametric problems},
journal = {Annals of Statistics},
volume = {1},
number = {2},
pages = {209– 230},
year = {1973}
}

@article{bengio_2009,
author = {Bengio, Y.},
title = {Learning Deep Architectures for AI},
journal = {Foundations and Trends® in Machine Learning},
volume = {2},
number = {1},
pages = {1-127},
year = {2009}
}

@misc{bengio_2016,
    author = {Bengio, Y.},
    title  = {What's Yoshua Bengio's opinion on Max Welling's position paper \"Are ML and Statistics Complementary\"?},
    year   = {2016},
    url    = {https://www.quora.com/Whats- Yoshua-Bengios-opinion-on-Max-Wellings-position-paper-Are-ML-and-Statistics-Complementary}
}


@ARTICLE {welling_2015,
    author  = "Welling, M.",
    title   = "Are ML and Statistics Complementary?",
    journal = "Roundtable discussion at the 6th IMSISBA meeting on “ Data Science in the next 50 years”",
    year    = "2015"
}

@ARTICLE {salakhutdinov_2006,
    author  = "Salakhutdinov, G. E.",
    title   = "Reducing the Dimensionality of Data with Neural Networks",
    journal = "Science",
    year    = "2006",
    volume  = "313",
    pages   = "504-507"
}

@article{silver_2016,
title   = {Mastering the game of {Go} with deep neural networks and tree search},
author  = {David Silver and Aja Huang and Christopher J. Maddison and Arthur Guez and Laurent Sifre and George van den Driessche and Julian Schrittwieser and Ioannis Antonoglou and Veda Panneershelvam and Marc Lanctot and Sander Dieleman and Dominik Grewe and John Nham and Nal Kalchbrenner and Ilya Sutskever and Timothy Lillicrap and Madeleine Leach and Koray Kavukcuoglu and Thore Graepel and Demis Hassabis},
year    = {2016},
URL = {http://www.nature.com/nature/journal/v529/n7587/full/nature16961.html},
journal = {Nature},
pages   = {484--503},
volume  = {529}
}

@ARTICLE {shannon_1950,
    author  = "Shannon, C.",
    title   = "Programming a Computer for Playing Chess",
    journal = "Philosophical Magazine",
    year    = "1950",
    volume  = "41",
    number  = "324"
}


@article{fayyad_1996,
    author  = "Fayyad, U. and Piatetsky-Shapiro, G. and  Smyth, P.",
    title   = "From Data Mining to Knowledge Discovery in Databases",
    journal = "AI Magazine",
    year    = "1996",
    volume  = "17",
    number  = "3"
}

@misc{gal_2016,
    author = "Gal, Y.",
    title  = "The Science of Deep Learning",
    year   = "2015",
    url    = {Yarin Gals's website: http://mlg.eng.cam.ac.uk/yarin/blog\_5058.html}
}



@article{tibshirani_1996,
author = {Tibshirani, Robert},
title = {Regression Shrinkage and Selection Via the {L}asso},
journal = {Journal of the Royal Statistical Society: Series B (Methodological)},
volume = {58},
number = {1},
pages = {267-288},
year = {1996}
}

@inproceedings{ng_2004,
 author = {Ng, Andrew Y.},
 title = {Feature Selection, L1 vs. L2 Regularization, and Rotational Invariance},
 booktitle = {Proceedings of the Twenty-first International Conference on Machine Learning},
 year = {2004},
 pages = {78--},
 publisher = {ACM}
} 

@book{tikhonov_arsenin_1977,
 author = {Tikhonov, A. N. and  V. Y. Arsenin},
 title = {Solution of Ill-posed Problems},
 year = {1977},
 publisher = {Washington: Winston \& Sons},
} 

@article{hoerl_kennard_1970,
author = {Hoerl, A. E. and  R. W. Kennard},
title = {Ridge regression: Biased estimation for nonorthogonal problems},
journal = {Technometrics},
volume = {12},
number = {1},
pages = {55-67},
year = {1970}
}






@book{benisrael_greville_2006,
  title={Generalized Inverses: Theory and Applications},
  author={Ben-Israel, A. and Greville, T.N.E.},
  series={CMS Books in Mathematics},
  year={2006},
  publisher={Springer New York}
}


%%%%%%%%%%%%%%%%%%%%%%%%%%%%%%%%%

@article{inclezan_jair,
    Author = {Daniela Inclezan and Luis I. Pradanos },
    Journal = {Journal of Artificial Intelligence Research},
    Pages = {681-686},
    Title = {Viewpoint: {A} Critical View on Smart Cities and {AI}},
    Volume = {60},
    Year = {2017}
}

@article{halaweh_jair,
    Author = {Mohanad Halaweh},
    Journal = {Journal of Artificial Intelligence Research},
    Pages = {269-272},
    Title = {Viewpoint: Artificial Intelligence Government ({G}ov. 3.0): The {UAE} Leading Model},
    Volume = {62},
    Year = {2018}
}

@article{grace_jair,
    Author = {Katja Grace and John Salvatier and Allan Dafoe and Baobao Zhang and Owain Evans},
    Journal = {Journal of Artificial Intelligence Research},
    Pages = {729-754},
    Title = {Viewpoint: When Will {AI} Exceed Human Performance? {E}vidence from {AI} Experts},
    Volume = {62},
    Year = {2018}
}

@Article{walsh2018,
    author="Walsh, Toby",
    title="Expert and Non-expert Opinion About Technological Unemployment",
    journal="International Journal of Automation and Computing",
    year="2018",
    volume="15",
    number="5",
    pages="637--642"
}

@Inbook{muller2016,
    author="M{\"u}ller, Vincent C. and Bostrom, Nick",
    editor="M{\"u}ller, Vincent C.",
    title="Future Progress in Artificial Intelligence: A Survey of Expert Opinion",
    bookTitle="Fundamental Issues of Artificial Intelligence",
    year="2016",
    publisher="Springer International Publishing",
    pages="555--572"
}








@book{ekbia_2008,
author = {Ekbia, Hamid},
year = {2008},
month = {01},
pages = {},
title = {Artificial dreams: The quest for non-biological intelligence},
isbn = {9780521878678},
doi = {10.1017/CBO9780511802126},
publisher = {Cambridge University Press},
}


@article{alphago_zero,
    Author = {Silver, David and others},
    Journal = {Nature},
    Pages = {354-359},
    Title = {Mastering the game of Go without human knowledge},
    Volume = {550},
    Year = {2017},
}


@article{alphago,
    Author = {Silver, David and others},
    Journal = {Nature},
    Pages = {484-489},
    Title = {Mastering the game of {G}o with deep neural networks and tree search},
    Volume = {529},
    Year = {2016}
}

@article{samuel_1959,
 author = {Samuel, A. L.},
 title = {Some Studies in Machine Learning Using the Game of Checkers},
 journal = {IBM Journal of Research and Development},
 volume = {3},
 number = {3},
 year = {1959},
 publisher = {IBM Corp.},
 address = {Riverton, NJ, USA}
} 

@techreport{wiener_1949,
 author = {Wiener, N.},
 title = {The Machine Age},
 year = {1949},
 institution = {Massachusetts Institute of Technology}
} 

@book{box_jenkins_1976,
 author = {Box, G.E.P and Jenkins, G.M. and Reinsel, G.C.},
 title = {Time Series Analysis, Forecasting and Control},
 year = {1976},
 edition = {3},
 publisher = {Holden-Day},
} 

@book{manning_schutze_1999,
 author = {C. Manning and H. Schütze},
 title = {Foundations of Statistical Natural Language Processing},
 year = {1999},
 publisher = {MIT Press}
} 

@inproceedings{lloyd_2014,
   title = {Automatic Construction and Natural-Language Description of Nonparametric Regression Models},
   author = {James Robert Lloyd and David Duvenaud and Roger Grosse and Joshua B. Tenenbaum and Zoubin Ghahramani},
   year = {2014},
   booktitle = {Proceedings of the Twenty-Eighth AAAI Conference on Artificial Intelligence}
}

@book{ford_2016,
 author = {Ford, Martin},
 title = {Rise of the Robots: Technology and the Threat of a Jobless Future},
 year = {2016},
 publisher = {Basic Books, Inc.}
 } 

@book{searle_1996,
    author = {John Searle},
    publisher = {Penguin},
    year = {1996},
    title = {The Construction of Social Reality}
}

@book{weizenbaum_1976,
    author = {J. Weizenbaum},
    publisher = {Penguin},
    year = {1976},
    title = {Computer Power and Human Reason: From Judgement to Calculation}
}


@incollection{descartes_1985,
  author      = {R. Descartes},
  title       = {Discourse on the Method},
  editor      = {J. Cottingham and R. Stoothoff and D. Murdoch},
  booktitle   = {The Philosophical Writings of Descartes, Vol. I.},
  publisher   = {Cambridge University Press},
  year        = 1985
}


@book{swade_2000,
    author = {D. Swade},
    publisher = {Penguin},
    year = {2000},
    title = {The Difference Engine: Charles Babbage and the Quest to build the first Computer}
}


@article{searle_1980, 
    title={Minds, brains, and programs}, 
    volume={3}, 
    number={3}, 
    journal={Behavioral and Brain Sciences}, 
    publisher={Cambridge University Press}, 
    author={Searle, John R.}, 
    year={1980}, 
    pages={417–424}
}

TURING, A. “Can Digital Computers Think?”, tipeo de una entrevista radial en el tercer programa de BBC, del 15 de mayo de 1951. Número de referencia de los Archivos Turing: B.5. Reimpreso en Shieber, S. The Turing Test: Verbal Behavior as the Hallmark of Intelligence. Cambridge, Mass.: MIT Press, 1951a. p. 111-116.
@incollection{turing_1951a,
  author      = {A. Turing},
  title       = {Can Digital Computers Think?},
  editor      = {Shieber, S.},
  booktitle   = {The Turing Test: Verbal Behavior as the Hallmark of Intelligence},
  publisher   = {MIT Press},
  address     = "Cambridge, Mass",
  year        = 1951, 
  pages       = "111-116", 
  note        = "Transcription from a BBC Radio Interview"
}



GONZÁLEZ, R. Descartes, las Intuiciones Modales y la IA. Revista Alpha 32, 181-198, 2011.
@article{gonzalez_2011, 
    title={R. {D}escartes, las Intuiciones Modales y la {IA}}, 
    volume={32}, 
    journal={Revista Alpha}, 
    author={R. González}, 
    year={2011}, 
    pages={181-198}
}
GONZÁLEZ, R. “¿Importa la determinación del sexo en el Test de Turing?” Revista de Filosofía Aurora, Vol. 27, número 40 (enero-abril), 277-295, 2015
@article{gonzalez_2015, 
    title={{¿Importa la determinación del sexo en el Test de Turing?}}, 
    volume={27}, 
    number = {40},  
    journal={Revista de Filosofía Aurora}, 
    author={R. González}, 
    year={2015}, 
    pages={277-295}
}


RUCKER, R. Software. New York, HarperCollins, 1982
@book{rucker_1982,
    author = {R. Rucker},
    publisher = {HarperCollins},
    year = {1982},
    title = {Software}
}

ROTHBLATT, M. Virtually Human: The Promise and Peril of Digital Immortality. New York, St. Martin’s Press, 2014
@book{rothblatt_2014,
    author = {M. Rothblatt},
    publisher = {St. Martin’s Press},
    year = {2014},
    title = {Virtually Human: The Promise and Peril of Digital Immortality.}
}

HAUGELAND, J. Artificial Intelligence: The Very Idea, Cambridge, Mass., 1985.
@book{haugeland_1985,
    author = {J. Haugeland},
    publisher = {MIT Press},
    year = {1985},
    title = {Artificial Intelligence: The Very Idea}
}

SCHANK, R.C.; ABELSON, R.P. Scripts, Plans, Goals, and Understanding. Hillsdale, N.J.: Erlbaum, 1977.
Schank, R. C., & Abelson, R. P. (1977). Scripts, plans, goals and understanding: An inquiry into human knowledge structures. Oxford, England: Lawrence Erlbaum.
@book{schank_1977,
    author = {Schank, R. C. and Abelson, R. P. },
    publisher = {Lawrence Erlbaum},
    year = {1977},
    title = {Scripts, plans, goals and understanding: An inquiry into human knowledge structures}
}

SEARLE, J. Mind: A Brief Introduction. Oxford, Oxford University Press, 2004.
@book{searle_2004,
    author = {John Searle},
    publisher = {Oxford University Press},
    year = {2004},
    title = {Mind: A Brief Introduction}
}

@InCollection{hyslop_2016,
    author       =  {Hyslop, Alec},
    title        =  {Other Minds},
    booktitle    =  {The Stanford Encyclopedia of Philosophy},
    editor       =  {Edward N. Zalta},
    howpublished =  {\url{https://plato.stanford.edu/archives/spr2016/entries/other-minds/}},
    year         =  {2016},
    edition      =  {Spring 2016},
    publisher    =  {Metaphysics Research Lab, Stanford University}
}

@book{heil_2004,
  title={Philosophy of Mind: A Guide and Anthology},
  author={Heil, J.},
  year={2004},
  publisher={Oxford University Press}
}
@book{Goodfellow-et-al-2016,
    title={Deep Learning},
    author={Ian Goodfellow and Yoshua Bengio and Aaron Courville},
    publisher={MIT Press},
    note={\url{http://www.deeplearningbook.org}},
    year={2016}
}
@book{pml1Book,
 author = "Kevin P. Murphy",
 title = "Probabilistic Machine Learning: An introduction",
 publisher = "MIT Press",
 year = 2022,
 url = "probml.ai"
}

@book{uml,
 author = "Shai Shalev-Shwartz and Shai Ben-David",
 title = "Understanding Machine Learning: From Theory to Algorithms",
 publisher = "Cambridge University Press",
 year = 2014,
 url = "https://www.cs.huji.ac.il/w~shais/UnderstandingMachineLearning/copy.html"
}



@inbook{ripley,
author={Brian D. Ripley},
year={2008},
title={Pattern Recognition and Neural Networks},
chapter={7: Tree-structured Classifiers}
}


@article{bagging,
  title={Bagging Predictors},
  author={Leo Breiman},
  journal={Machine Learning },
  volume={24},
  pages={123--140},
  year={1996},
  publisher={Kluwer Academic Publishers, Boston. Manufactured in The Netherlands}
}

@article{breiman2001random,
  title={Random forests},
  author={Breiman, Leo},
  journal={Machine learning},
  volume={45},
  pages={5--32},
  year={2001},
  publisher={Springer}
}

@article{geurts2006extremely,
  title={Extremely randomized trees},
  author={Geurts, Pierre and Ernst, Damien and Wehenkel, Louis},
  journal={Machine learning},
  volume={63},
  pages={3--42},
  year={2006},
  publisher={Springer}
}

@misc{schapire2012boosting,
  title={Boosting: Foundations and Algorithms. Adaptive computation and machine learning},
  author={Schapire, Robert E and Freund, Yoav},
  year={2012},
  publisher={Mit Press London}
}

@article{freund1997decision,
  title={A decision-theoretic generalization of on-line learning and an application to boosting},
  author={Freund, Yoav and Schapire, Robert E},
  journal={Journal of computer and system sciences},
  volume={55},
  number={1},
  pages={119--139},
  year={1997},
  publisher={Elsevier}
}
